<?xml version="1.0" encoding="UTF-8"?><collection xmlns="http://www.loc.gov/MARC21/slim"><record><leader>00588nam--2200169-i-4500</leader><controlfield tag="001">000010393</controlfield><controlfield tag="002">20161230</controlfield><controlfield tag="005">20161230201028</controlfield><controlfield tag="008">060222s1000------------r-----000-0-eng-d</controlfield><datafield ind1=" " ind2=" " tag="040"><subfield code="a">IFIN-HH</subfield></datafield><datafield ind1=" " ind2=" " tag="080"><subfield code="a">53.02:681.3.06(061.3):518(061.3)</subfield></datafield><datafield ind1="1" ind2=" " tag="110"><subfield code="a">International Centre for Theoretical Physics, Trieste</subfield></datafield><datafield ind1="1" ind2="0" tag="245"><subfield code="a">Computing as a language of physics. lectures presented at an international seminar course at trieste from 2 to 20 august 1971</subfield></datafield><datafield ind1=" " ind2=" " tag="260"><subfield code="a">Vienna</subfield><subfield code="b">International Atomic Energy Agency</subfield><subfield code="c">1972</subfield></datafield><datafield ind1=" " ind2=" " tag="300"><subfield code="a">616 P</subfield></datafield><datafield ind1=" " ind2=" " tag="852"><subfield code="a">37666</subfield><subfield code="c">53.02</subfield></datafield><datafield ind1=" " ind2=" " tag="CAT"><subfield code="a">Sys</subfield><subfield code="c">20151021</subfield><subfield code="h">113044</subfield></datafield></record></collection>